@article{atari:adventure,
	Address = {Sunnyvale, CA, USA},
	Author = {{Atari, Inc.}},
	Date-Added = {2015-08-26 16:15:18 +0000},
	Date-Modified = {2015-08-26 16:40:39 +0000},
	Howpublished = {Game [Atari 2600]},
	Month = {December},
	Note = {Played August 25, 2007},
	Publisher = {{Atari, Inc.}},
	Title = {\emph{Adventure}},
	Year = {1979}}

@misc{CHINOSAUR:venue,
	Annote = {Tweet},
	Author = {@\_CHINOSAUR},
	Day = 1,
	Howpublished = {Tweet},
	Key = {_CHINOSAUR},
	Month = {May},
	Note = {Retrieved Febuary 2, 2014 from \url{https://twitter.com/_CHINOSAUR/status/461864317415989248}},
	Title = {VENUE IS TOO COLD. \#BINGO \#CHI2016},
	Year = 2015}

@inproceedings{Klemmer:2002:WSC:503376.503378,
	Acmid = 503378,
	Address = {New York, NY, USA},
	Author = {Klemmer, Scott R. and Thomsen, Michael and Phelps-Goodman, Ethan and Lee, Robert and Landay, James A.},
	Booktitle = {Proceedings of the SIGCHI Conference on Human Factors in Computing Systems},
	Doi = {10.1145/503376.503378},
	Isbn = {1-58113-453-3},
	Keywords = {CSCW, activity capture, design rationale, history management, informal interfaces, sketching, tangible UI, web design},
	Location = {Minneapolis, Minnesota, USA},
	Pages = {1--8},
	Publisher = {ACM},
	Series = {CHI '02},
	Title = {Where Do Web Sites Come from?: Capturing and Interacting with Design History},
	Url = {http://doi.acm.org/10.1145/503376.503378},
	Year = 2002,
	Bdsk-Url-1 = {http://doi.acm.org/10.1145/503376.503378},
	Bdsk-Url-2 = {http://dx.doi.org/10.1145/503376.503378}}

@inproceedings{Mather:2000:MUT,
	Author = {Mather, B. D.},
	Booktitle = {Ext. Abstracts CHI 2000},
	Pages = {1-2},
	Publisher = {ACM Press},
	Title = {Making up titles for conference papers},
	Year = 2000}

@book{Schwartz:1995:GBF,
	Address = {Bloomington, IN, USA},
	Author = {Marilyn Schwartz},
	Publisher = {ERIC},
	Title = {Guidelines for Bias-Free Writing},
	Year = 1995}

@inproceedings{Zellweger:2001:FAO:504216.504224,
	Author = {Zellweger, Polle T. and Bouvin, Niels Olof and Jeh{\o}j, Henning and Mackinlay, Jock D.},
	Booktitle = {Proc. Hypertext 2001},
	Pages = {9--18},
	Publisher = {ACM Press},
	Title = {Fluid annotations in an open world},
	Year = 2001}

@misc{acm_categories,
	Author = {ACM},
	Key = {ACM},
	Note = {\url{http://www.acm.org/class/how_to_use.html}},
	Title = {How to Classify Works Using ACM's Computing Classification System},
	Year = 1998}

@misc{cavender:writing,
	Annote = {URL},
	Author = {Anna Cavender and Shari Trewin and Vicki Hanson},
	Day = 22,
	Note = {\url{http://www.sigaccess.org/welcome-to-sigaccess/resources/accessible-writing-guide/}},
	Title = {Accessible Writing Guide},
	Year = 2014}

@article{ethics,
	Author = {R. E. Anderson},
	Doi = {10.1177/089443939201000402},
	Journal = {Social Science Computer Review December},
	Number = 4,
	Pages = {453-469},
	Title = {{Social Impacts of Computing: Codes of Professional Ethics}},
	Volume = 10,
	Year = 1992,
	Bdsk-Url-1 = {http://dx.doi.org/10.1177/089443939201000402}}

@misc{heilig:sensorama,
	Annote = {is this right?},
	Author = {Morton L. Heilig},
	Day = 28,
	Howpublished = {U.S. Patent 3,050,870},
	Month = {August},
	Note = {Filed Februrary 22, 1962.},
	Title = {Sensorama Simulator},
	Year = 1962}

@article{kaye:puc,
	Author = {Kaye, Jofish and Dourish, Paul},
	Doi = {10.1007/s00779-014-0773-4},
	Issn = {1617-4909},
	Journal = {Personal and Ubiquitous Computing},
	Language = {English},
	Number = 4,
	Pages = {765-766},
	Publisher = {Springer London},
	Title = {Special issue on science fiction and ubiquitous computing},
	Url = {http://dx.doi.org/10.1007/s00779-014-0773-4},
	Volume = 18,
	Year = 2014,
	Bdsk-Url-1 = {http://dx.doi.org/10.1007/s00779-014-0773-4}}

@misc{psy:gangnam,
	Annote = {Video URL},
	Author = {Psy},
	Day = 15,
	Howpublished = {Video},
	Month = {July},
	Note = {Retrieved August 22, 2014 from \url{https://www.youtube.com/watch?v=9bZkp7q19f0}},
	Title = {Gangnam Style},
	Year = 2012}

@phdthesis{sutherland:sketchpad,
	Address = {Cambridge, MA},
	Author = {Ivan E. Sutherland},
	School = {Massachusetts Institute of Technology},
	Title = {Sketchpad, a Man-Machine Graphical Communication System},
	Year = 1963}

@inbook{winner:politics,
	Address = {UK},
	Author = {Langdon Winner},
	Chapter = {Do artifacts have politics?},
	Edition = {2nd},
	Pages = {28--40},
	Publisher = {Open University Press},
	Title = {The Social Shaping of Technology},
	Year = 1999}
